<record><leader>00000cas a2200000 a 4500</leader><controlfield tag="001">43754960</controlfield><controlfield tag="008">000331d19051912orumr ne      0    0eng c</controlfield><datafield ind1=" " ind2=" " tag="010"><subfield code="a">sn 00063516 </subfield></datafield><datafield ind1=" " ind2=" " tag="040"><subfield code="a">OCN</subfield><subfield code="b">eng</subfield><subfield code="c">OCN</subfield><subfield code="d">OCLCQ</subfield><subfield code="d">OCLCF</subfield><subfield code="d">OCLCO</subfield></datafield><datafield ind1="1" ind2=" " tag="029"><subfield code="a">AU@</subfield><subfield code="b">000021431155</subfield></datafield><datafield ind1=" " ind2=" " tag="042"><subfield code="a">pcc</subfield></datafield><datafield ind1=" " ind2=" " tag="043"><subfield code="a">n-us-or</subfield></datafield><datafield ind1="0" ind2="0" tag="245"><subfield code="a">Oregon oriano.</subfield></datafield><datafield ind1="1" ind2=" " tag="246"><subfield code="i">Issues for Oct. 10, 1906-May. 11, 1907 called:</subfield><subfield code="a">Twice a week Oregon oriano</subfield></datafield><datafield ind1="1" ind2=" " tag="246"><subfield code="i">Issues for Nov. 27, 1909-Jan. 15, 1910 called:</subfield><subfield code="a">Oregon oriano and Malheur gazette</subfield></datafield><datafield ind1=" " ind2=" " tag="260"><subfield code="a">Vale, Malheur County, Or. :</subfield><subfield code="b">Hurley &amp; Heath</subfield></datafield><datafield ind1=" " ind2=" " tag="300"><subfield code="a">v.</subfield></datafield><datafield ind1=" " ind2=" " tag="310"><subfield code="a">Monthly,</subfield><subfield code="b">Feb. 3, 1912-</subfield></datafield><datafield ind1=" " ind2=" " tag="321"><subfield code="a">Weekly,</subfield><subfield code="b">&lt;Jan. 17, 1906&gt;-Oct. 6, 1906</subfield></datafield><datafield ind1=" " ind2=" " tag="321"><subfield code="a">Semiweekly,</subfield><subfield code="b">Oct. 10, 1906-May 11, 1907</subfield></datafield><datafield ind1=" " ind2=" " tag="321"><subfield code="a">Weekly,</subfield><subfield code="b">May 18, 1907-&lt;Jan. 13, 1911&gt;</subfield></datafield><datafield ind1="1" ind2=" " tag="362"><subfield code="a">Began in 1905; ceased in 1912.</subfield></datafield><datafield ind1=" " ind2=" " tag="515"><subfield code="a">Paper suspended after &lt;Jan. 13&gt;, 1911. Resumed publication as a monthly Feb. 3, 1912.</subfield></datafield><datafield ind1=" " ind2=" " tag="530"><subfield code="a">Also issued on microfilm from University of Oregon.</subfield></datafield><datafield ind1=" " ind2=" " tag="588"><subfield code="a">Description based on: Vol. 1, no. 5 (Jan. 17, 1906).</subfield></datafield><datafield ind1=" " ind2=" " tag="588"><subfield code="a">Latest issue consulted: Vol. 6, no. 5 (Mar. 2, 1912).</subfield></datafield><datafield ind1=" " ind2="0" tag="651"><subfield code="a">Vale (Or.)</subfield><subfield code="v">Newspapers.</subfield></datafield><datafield ind1=" " ind2="0" tag="651"><subfield code="a">Malheur County (Or.)</subfield><subfield code="v">Newspapers.</subfield></datafield><datafield ind1=" " ind2="7" tag="655"><subfield code="a">Newspapers.</subfield><subfield code="2">fast</subfield><subfield code="0">(OCoLC)fst01423814</subfield></datafield><datafield ind1=" " ind2="7" tag="651"><subfield code="a">Oregon</subfield><subfield code="z">Malheur County.</subfield><subfield code="2">fast</subfield><subfield code="0">(OCoLC)fst01213115</subfield></datafield><datafield ind1=" " ind2="7" tag="651"><subfield code="a">Oregon</subfield><subfield code="z">Vale.</subfield><subfield code="2">fast</subfield><subfield code="0">(OCoLC)fst01228475</subfield></datafield><datafield ind1=" " ind2=" " tag="752"><subfield code="a">United States</subfield><subfield code="b">Oregon</subfield><subfield code="c">Malheur</subfield><subfield code="d">Vale.</subfield></datafield><datafield ind1="0" ind2="5" tag="780"><subfield code="t">Malheur gazette</subfield><subfield code="w">(DLC)sn 00063515</subfield></datafield><datafield ind1="0" ind2="4" tag="785"><subfield code="t">Beacon light (Vale, Or)</subfield><subfield code="w">(DLC)sn 00063519</subfield></datafield></record>